@inproceedings{neurips2019:cnn2,
	author = {Chen, Wei-Da and Wu, Shan-Hung (Brandon)},
	booktitle = {Advances in Neural Information Processing Systems},
	editor = {H. Wallach and H. Larochelle and A. Beygelzimer and F. d\textquotesingle Alch\'{e}-Buc and E. Fox and R. Garnett},
	pages = {},
	publisher = {Curran Associates, Inc.},
	title = {CNN2 : Viewpoint Generalization via a Binocular Vision},
	url = {https://proceedings.neurips.cc/paper_files/paper/2019/file/dabd8d2ce74e782c65a973ef76fd540b-Paper.pdf},
	volume = {32},
	year = {2019}
}
@inproceedings{cnn2:supplementary,
	author = {Chen, Wei-Da and Wu, Shan-Hung (Brandon)},
	booktitle = {Advances in Neural Information Processing Systems},
	title = {CNN2 : Supplementary Materials},
	url = {https://proceedings.neurips.cc/paper_files/paper/2019/file/dabd8d2ce74e782c65a973ef76fd540b-Supplemental.zip},
	year = {2019}
}
@online{cnn2:repository,
	title = {Code for "CNN\textsuperscript{2}: Viewpoint Generalization via a Binocular Vision" (NeurIPS 2019)},
	url = {https://github.com/wdchenxyz/CNN2}
}
@online{neurips2019:reproducibility-challenge,
	title = {Reproducibility Challenge @ NeurIPS 2019},
	url = {https://reproml.org/neurips2019/}
}
@article{dataset:smallnorb,
	title={Learning methods for generic object recognition with invariance to pose and lighting},
	author={Yann LeCun and Fu Jie Huang and L{\'e}on Bottou},
	journal={Proceedings of the 2004 IEEE Computer Society Conference on Computer Vision and Pattern Recognition},
	year={2004},
	volume={2},
	pages={II-104 Vol.2},
	url = {https://cs.nyu.edu/~yann/data/norb-v1.0-small/}
}
@online{dataset:modelnet40,
	title = {Princeton ModelNet},
	url = {https://modelnet.cs.princeton.edu/}
}
@online{pytorch:lightning,
	title = {PyTorch Lightning},
	url = {https://github.com/Lightning-AI/pytorch-lightning}
}
@article{dataset:rgb-d,
	author = {Kevin Lai and Liefeng Boand and Xiaofeng Ren and Dieter Fox},
	title = {A Large-Scale Hierarchical Multi-View RGB-D Object Dataset},
	journaltitle = {IEEE International Conference on Robotics and Automation (ICRA)},
	date = {2011-05},
	url = {https://rgbd-dataset.cs.washington.edu/dataset/}
}